@article{Jones2015,
    title = {Book Title},
    journal = {Journal},
    year = {Date},
    publisher = {Publisher},
    author = {Jones, C. D. and  Smith, A. B. and  and Roberts, E. F.},
    pages = {20-25},
}

@article{Smith2015,
    title = {Book Title},
    journal = {Journal},
    year = {Date},
    publisher = {Publisher},
    author = {Smith, A. B. and Jones, C. D. and Roberts, E. F.},
    pages = {7-15},
}
