@article{Bennet1993,
    title = {A Firm-Level Analysis of Employee Attrition},
    journal = {Group \& Organization Management},
    year = {1993},
    publisher = {Sage Publications},
    author = {Bennett, N. et. al.},
    volume = {18},
    number = {4},
    pages = {1-19},
}

@article{Datta2009,
    title = {Causes and Effects of Employee Downsizing: A Review and Synthesis},
    journal = {Journal of Management},
    year = {2009},
    publisher = {SAGE Journals},
    author = {Datta, D., et. al.},
    volume = {36},
    number = {1},
    pages = {281-348},
}

@article{Fri2018,
    author = {Frierson, J. and Si, D.},
    title = {Who's Next: Evaluating Attrition with Machine Learning Algorithms and Survival Analysis},
    journal = {International Conference on Big Data},
    year = {2018},
    pages={251-259},
}


@book{Grip2006,
    title = {The economics of skills obsolescence: A review},
    publisher = {Research in Labor Economics},
    year = {2002},
    author = {Andries de G. and Jaspet V. L.},
    volume = {21},
    pages = {1-26},
}

@article{Kumar2015,
    title = {Measuring the Benefits of Employee Engagement},
    journal = {MITSloan Management Review},
    year = {2015},
    publisher = {MIT},
    author = {Kumar, V. and Pansari, A.},
    volume = {56},
    number = {4},
    pages = {67-72},
}

@book{Mir1993,
  author    = {Babington, P.}, 
  title     = {Building the Competitive Workforce: Investing in Human Capital for Corporate Success},
  publisher = {Wiley},
  year      = {1993},
  isbn      = {0471592579},
}


@article{Mitra1992,
    title = {A meta-analytic review of the relationship between absence and turnover},
    journal = {Journal of Applied Psychology},
    year = {1992},
    publisher = {},
    author = {Mitra, A. et. al.},
    volume = {77},
    number = {6},
    pages = {879-889},
}


@article{Shau1998,
    title = {Determinants of layoff announcements following M\&As: an empirical investigation},
    journal = {Strategic Management Journal},
    year = {1998},
    volume = {19},
    number = {10},
    publisher = {Wiley},
    author = {O'Shaughnessy, K.C. and Flanagan, D.j.},
    pages = {989-999},
}

@article{Singh2012,
    title = {An Analytics Apporach for Proactively Combating Voluntary Attrition of Employees},
    journal = {IEEE 12th International Conference on Data Mining Workshops},
    year = {2012},
    author = {Moninder, S. et. al.},
    pages = {317-323},
}


@article{Shlens05atutorial,
    author = {Jonathon Shlens},
    title = {A tutorial on Principal Component Analysis},
    journal = {Systems Neurobiology Laboratory, Salk Institute for Biological Studies},
    year = {2005}
}

@article{Smart2016,
    title = {Why Do Workers Quit? The Factors that Predict Employee Turnover},
    journal = {Glassdoor Research Report Whitepaper},
    year = {2016},
    publisher = {Glassdoor},
    author = {Smart, M. and Chamberlain, A.},
    pages = {1-19},
}
